% 引言-问题介绍
@article{tang2017oxidative,
  title={Oxidative cyclization in natural product biosynthesis},
  author={Tang, Man-Cheng and Zou, Yi and Watanabe, Kenji and Walsh, Christopher T and Tang, Yi},
  journal={Chemical Reviews},
  volume={117},
  number={8},
  pages={5226--5333},
  year={2017},
  publisher={ACS Publications}
}
@article{slater1951simplification,
  title={A simplification of the Hartree-Fock method},
  author={Slater, John C},
  journal={Physical Review},
  volume={81},
  number={3},
  pages={385},
  year={1951},
  publisher={APS}
}

@article{mejuto2022effect,
  title={The effect of geometry, spin, and orbital optimization in achieving accurate, correlated results for iron--sulfur cubanes},
  author={Mejuto-Zaera, Carlos and Tzeli, Demeter and Williams-Young, David and Tubman, Norm M and Matousek, Mikulas and Brabec, Jiri and Veis, Libor and Xantheas, Sotiris S and de Jong, Wibe A},
  journal={Journal of Chemical Theory and Computation},
  volume={18},
  number={2},
  pages={687--702},
  year={2022},
  publisher={ACS Publications}
}
@article{weser2021stochastic,
  title={Stochastic Generalized Active Space Self-Consistent Field: Theory and Application},
  author={Weser, Oskar and Guther, Kai and Ghanem, Khaldoon and Li Manni, Giovanni},
  journal={Journal of Chemical Theory and Computation},
  volume={18},
  number={1},
  pages={251--272},
  year={2021},
  publisher={ACS Publications}
}
@article{dobrautz2021spin,
  title={Spin-pure stochastic-CASSCF via GUGA-FCIQMC applied to iron--sulfur clusters},
  author={Dobrautz, Werner and Weser, Oskar and Bogdanov, Nikolay A and Alavi, Ali and Li Manni, Giovanni},
  journal={Journal of Chemical Theory and Computation},
  volume={17},
  number={9},
  pages={5684--5703},
  year={2021},
  publisher={ACS Publications}
}

@article{sun2016quantum,
  title={Quantum embedding theories},
  author={Sun, Qiming and Chan, Garnet Kin-Lic},
  journal={Accounts of Chemical Research},
  volume={49},
  number={12},
  pages={2705--2712},
  year={2016},
  publisher={ACS Publications}
}

@article{senn2009qm,
  title={QM/MM methods for biomolecular systems},
  author={Senn, Hans Martin and Thiel, Walter},
  journal={Angewandte Chemie International Edition},
  volume={48},
  number={7},
  pages={1198--1229},
  year={2009},
  publisher={Wiley Online Library}
}

% DFTE
@article{libisch2014embedded,
  title={Embedded correlated wavefunction schemes: Theory and applications},
  author={Libisch, Florian and Huang, Chen and Carter, Emily A},
  journal={Accounts of Chemical Research},
  volume={47},
  number={9},
  pages={2768--2775},
  year={2014},
  publisher={ACS Publications}
}
@article{fu2023excitation,
  title={Excitation energies of embedded chromophores from frozen-density embedding theory using state-specific electron densities of the environment},
  author={Fu, Mingxue and Wesolowski, Tomasz A},
  journal={The Journal of Physical Chemistry A},
  volume={127},
  number={2},
  pages={535--545},
  year={2023},
  publisher={ACS Publications}
}
@article{chen2023multiconfigurational,
  title={Multiconfigurational nature of electron correlation within nitrogen vacancy centers in diamond},
  author={Chen, Yilin and Jiang, Tonghuan and Chen, Haoxiang and Han, Erxun and Alavi, Ali and Yu, Kuang and Wang, Enge and Chen, Ji},
  journal={Physical Review B},
  volume={108},
  number={4},
  pages={045111},
  year={2023},
  publisher={APS}
}
@article{cortona1991self,
  title={Self-consistently determined properties of solids without band-structure calculations},
  author={Cortona, Pietro},
  journal={Physical Review B},
  volume={44},
  number={16},
  pages={8454},
  year={1991},
  publisher={APS}
}
@article{wesolowski1993frozen,
  title={Frozen density functional approach for ab initio calculations of solvated molecules},
  author={Wesolowski, Tomasz Adam and Warshel, Arieh},
  journal={The Journal of Physical Chemistry},
  volume={97},
  number={30},
  pages={8050--8053},
  year={1993},
  publisher={ACS Publications}
}
@article{wesolowski1996accuracy,
  title={Accuracy of approximate kinetic energy functionals in the model of Kohn--Sham equations with constrained electron density: The \text{FH} {$\cdots$} \text{NCH} complex as a test case},
  author={Wesolowski, Tomasz Adam and Chermette, Henry and Weber, Jacques},
  journal={The Journal of Chemical Physics},
  volume={105},
  number={20},
  pages={9182--9190},
  year={1996},
  publisher={American Institute of Physics}
}
@article{gotz2009performance,
  title={Performance of kinetic energy functionals for interaction energies in a subsystem formulation of density functional theory},
  author={Gotz, Andreas W and Beyhan, S Maya and Visscher, Lucas},
  journal={Journal of Chemical Theory and Computation},
  volume={5},
  number={12},
  pages={3161--3174},
  year={2009},
  publisher={ACS Publications}
}
@article{dulak2007interaction,
  title={Interaction energies in non-covalently bound intermolecular complexes derived using the subsystem formulation of density functional theory},
  author={Du{\l}ak, Marcin and Weso{\l}owski, Tomasz A},
  journal={Journal of Molecular Modeling},
  volume={13},
  pages={631--642},
  year={2007},
  publisher={Springer}
}
@article{neugebauer2005explicit,
  title={An explicit quantum chemical method for modeling large solvation shells applied to aminocoumarin C151},
  author={Neugebauer, Johannes and Jacob, Christoph R and Wesolowski, Tomasz A and Baerends, Evert Jan},
  journal={The Journal of Physical Chemistry A},
  volume={109},
  number={34},
  pages={7805--7814},
  year={2005},
  publisher={ACS Publications}
}
@article{staroverov2006optimized,
  title={Optimized effective potentials yielding Hartree--Fock energies and densities},
  author={Staroverov, Viktor N and Scuseria, Gustavo E and Davidson, Ernest R},
  journal={The Journal of Chemical Physics},
  volume={124},
  number={14},
  year={2006},
  publisher={AIP Publishing}
}

%GW
@article{zgid2011dynamical,
  title={Dynamical mean-field theory from a quantum chemical perspective},
  author={Zgid, Dominika and Chan, Garnet Kin},
  journal={The Journal of Chemical Physics},
  volume={134},
  number={9},
  pages={094115},
  year={2011},
  publisher={AIP Publishing}
}
@article{chibani2016self,
  title={Self-consistent Green's function embedding for advanced electronic structure methods based on a dynamical mean-field concept},
  author={Chibani, Wael and Ren, Xinguo and Scheffler, Matthias and Rinke, Patrick},
  journal={Physical Review B},
  volume={93},
  number={16},
  pages={165106},
  year={2016},
  publisher={APS}
}
@article{kotliar2006electronic,
  title={Electronic structure calculations with dynamical mean-field theory},
  author={Kotliar, Gabriel and Savrasov, Sergej Y and Haule, Kristjan and Oudovenko, Viktor S and Parcollet, O and Marianetti, CA},
  journal={Reviews of Modern Physics},
  volume={78},
  number={3},
  pages={865},
  year={2006},
  publisher={APS}
}

%DMET
@article{knizia2013density,
  title={Density matrix embedding: A strong-coupling quantum embedding theory},
  author={Knizia, Gerald and Chan, Garnet Kin-Lic},
  journal={Journal of Chemical Theory and Computation},
  volume={9},
  number={3},
  pages={1428--1432},
  year={2013},
  publisher={ACS Publications}
}
@article{wouters2016practical,
  title={A practical guide to density matrix embedding theory in quantum chemistry},
  author={Wouters, Sebastian and Jim{\'e}nez-Hoyos, Carlos A and Sun, Qiming and Chan, Garnet K-L},
  journal={Journal of Chemical Theory and Computation},
  volume={12},
  number={6},
  pages={2706--2719},
  year={2016},
  publisher={ACS Publications}
}
@article{zheng2016ground,
  title={Ground-state phase diagram of the square lattice Hubbard model from density matrix embedding theory},
  author={Zheng, Bo-Xiao and Chan, Garnet Kin-Lic},
  journal={Physical Review B},
  volume={93},
  number={3},
  pages={035126},
  year={2016},
  publisher={APS}
}
%P450
@misc{von1995cytochrome,
  title={Cytochrome P450: Structure, Mechanism, and Biochemistry},
  author={Von Wachenfeldt, C and Johnson, EF and Ortiz de Montellano, PR},
  journal={Structure of Eukaryotic Cytochrome P450 Enzymes},
  pages={183--223},
  year={1995},
  publisher={Plenum Press}
}
@article{correia2005cytochrome,
  title={Cytochrome P450: Structure, Mechanism, and Biochemistry},
  author={Correia, MA and de Montellano, PR Ortiz},
  journal={Inhibition of Cytochrome P450 Enzymes. New York, NY: Kluwer/Plenum},
  pages={247--322},
  year={2005}
}
@article{dawson1987cytochrome,
  title={Cytochrome P-450 and chloroperoxidase: thiolate-ligated heme enzymes. Spectroscopic determination of their active-site structures and mechanistic implications of thiolate ligation},
  author={Dawson, John H and Sono, Masanori},
  journal={Chemical Reviews},
  volume={87},
  number={5},
  pages={1255--1276},
  year={1987},
  publisher={ACS Publications}
}
@article{guengerich1999cytochrome,
  title={Cytochrome P-450 3A4: regulation and role in drug metabolism},
  author={Guengerich, F Peter},
  journal={Annual Review of Pharmacology and Toxicology},
  volume={39},
  number={1},
  pages={1--17},
  year={1999},
  publisher={Annual Reviews 4139 El Camino Way, PO Box 10139, Palo Alto, CA 94303-0139, USA}
}
@article{vermeir2009vitro,
  title={In vitro studies on the metabolism of trabectedin (YONDELIS{\textregistered}) in monkey and man, including human CYP reaction phenotyping},
  author={Vermeir, Marc and Hemeryck, Alex and Cuyckens, Filip and Francesch, Andres and Bockx, Marc and Van Houdt, Jos and Steemans, Kathleen and Mannens, Geert and Avil{\'e}s, Pablo and De Coster, Roland},
  journal={Biochemical Pharmacology},
  volume={77},
  number={10},
  pages={1642--1654},
  year={2009},
  publisher={Elsevier}
}
@article{schroder1995c,
  title={C-H and C-C Bond Activation by Bare Transition-Metal Oxide Cations in the Gas Phase},
  author={Schr{\"o}der, Detlef and Schwarz, Helmut},
  journal={Angewandte Chemie International Edition in English},
  volume={34},
  number={18},
  pages={1973--1995},
  year={1995},
  publisher={Wiley Online Library}
}
@article{pandey2000porphyrin,
  title={The porphyrin handbook},
  author={Pandey, RK and Zheng, G and Kadish, KM and Smith, KM and Guilard, R},
  journal={Kadish, KM},
  pages={157--230},
  year={2000}
}
@article{feiters2000simple,
  title={From simple to supramolecular cytochrome P450 mimics},
  author={Feiters, Martinus C and Rowan, Alan E and Nolte, Roeland JM},
  journal={Chemical Society Reviews},
  volume={29},
  number={6},
  pages={375--384},
  year={2000},
  publisher={Royal Society of Chemistry}
}
@article{woggon2001synthetic,
  title={Synthetic active site analogues of heme--thiolate proteins: Characterization and identification of intermediates of the catalytic cycles of cytochrome P450cam and chloroperoxidase},
  author={Woggon, Wolf-D and Wagenknecht, Hans-Achim and Claude, Cecile},
  journal={Journal of Inorganic Biochemistry},
  volume={83},
  number={4},
  pages={289--300},
  year={2001},
  publisher={Elsevier}
}

%PM localization
@article{lehtola2014pipek,
  title={Pipek--Mezey orbital localization using various partial charge estimates},
  author={Lehtola, Susi and J{\'o}nsson, Hannes},
  journal={Journal of Chemical Theory and Computation},
  volume={10},
  number={2},
  pages={642--649},
  year={2014},
  publisher={ACS Publications}
}

%avas
@article{sayfutyarova2017automated,
  title={Automated construction of molecular active spaces from atomic valence orbitals},
  author={Sayfutyarova, Elvira R and Sun, Qiming and Chan, Garnet Kin-Lic and Knizia, Gerald},
  journal={Journal of Chemical Theory and Computation},
  volume={13},
  number={9},
  pages={4063--4078},
  year={2017},
  publisher={ACS Publications}
}

%c6h8
@article{stawski2019organoboron,
  title={Organoboron Complexes in Edge-Sharing Macrocycles: The Triphyrin (2.1. 1)--Tetraphyrin (1.1. 1.1) Hybrid},
  author={Stawski, Wojciech and Hurej, Karolina and Skonieczny, Janusz and Pawlicki, Mi{\l}osz},
  journal={Angewandte Chemie},
  volume={131},
  number={32},
  pages={11062--11066},
  year={2019},
  publisher={Wiley Online Library}
}
@article{liang2015heavily,
  title={Heavily n-dopable $\pi$-conjugated redox polymers with ultrafast energy storage capability},
  author={Liang, Yanliang and Chen, Zhihua and Jing, Yan and Rong, Yaoguang and Facchetti, Antonio and Yao, Yan},
  journal={Journal of the American Chemical Society},
  volume={137},
  number={15},
  pages={4956--4959},
  year={2015},
  publisher={ACS Publications}
}
@article{fukui1981path,
  title={The path of chemical reactions-the IRC approach},
  author={Fukui, Kenichi},
  journal={Accounts of Chemical Research},
  volume={14},
  number={12},
  pages={363--368},
  year={1981},
  publisher={ACS Publications}
}
@article{frisch2009gaussian,
  title={gaussian 09, Revision d. 01, Gaussian},
  author={Frisch, MJEA},
  publisher={Gaussian Inc},
  year={2009}
}
@article{zhai2023block2,
  title={Block2: A comprehensive open source framework to develop and apply state-of-the-art DMRG algorithms in electronic structure and beyond},
  author={Zhai, Huanchen and Larsson, Henrik R and Lee, Seunghoon and Cui, Zhi-Hao and Zhu, Tianyu and Sun, Chong and Peng, Linqing and Peng, Ruojing and Liao, Ke and T{\"o}lle, Johannes and others},
  journal={The Journal of Chemical Physics},
  volume={159},
  number={23},
  year={2023},
  publisher={AIP Publishing}
}
@article{sun2018pyscf,
  title={PySCF: the Python-based simulations of chemistry framework},
  author={Sun, Qiming and Berkelbach, Timothy C and Blunt, Nick S and Booth, George H and Guo, Sheng and Li, Zhendong and Liu, Junzi and McClain, James D and Sayfutyarova, Elvira R and Sharma, Sandeep and others},
  journal={Wiley Interdisciplinary Reviews: Computational Molecular Science},
  volume={8},
  number={1},
  pages={e1340},
  year={2018},
  publisher={Wiley Online Library}
}

@book{de2007cytochrome,
  title={Cytochrome P450: structure, mechanism, and biochemistry},
  author={De Montellano and Paul R Ortiz},
  year={2007},
  publisher={Springer Science \& Business Media}
}

@article{frischgaussian,
  title={Gaussian 16, Revision B. 01},
  author={Frisch, MJ and Trucks, GW and Schlegel, HB and Scuseria, GE and Robb, MA and Cheeseman, JR and Scalmani, G and Barone, V and Petersson, GA and Nakatsuji, H and others},
  year={2016},
  publisher={Gaussian Inc}
}

@article{guo2021approximations,
  title={Approximations of density matrices in N-electron valence state second-order perturbation theory (NEVPT2). I. Revisiting the NEVPT2 construction},
  author={Guo, Yang and Sivalingam, Kantharuban and Neese, Frank},
  journal={The Journal of Chemical Physics},
  volume={154},
  number={21},
  year={2021},
  publisher={AIP Publishing}
}